<?xml version="1.0" encoding="UTF-8"?><record xmlns="http://www.loc.gov/MARC21/slim" xmlns:cinclude="http://apache.org/cocoon/include/1.0" xmlns:zs="http://www.loc.gov/zing/srw/">
  <leader>00470nz  a2200145n  4500</leader>
  <controlfield tag="001">no2007078595</controlfield>
  <controlfield tag="003">DLC</controlfield>
  <controlfield tag="005">20070715075227.0</controlfield>
  <controlfield tag="008">070713n| acannaabn          |n aaa     c</controlfield>
  <datafield tag="010" ind1=" " ind2=" ">
    <subfield code="a">no2007078595</subfield>
  </datafield>
  <datafield tag="035" ind1=" " ind2=" ">
    <subfield code="a">(OCoLC)oca07463453</subfield>
  </datafield>
  <datafield tag="040" ind1=" " ind2=" ">
    <subfield code="a">CSt</subfield>
    <subfield code="b">eng</subfield>
    <subfield code="c">CSt</subfield>
  </datafield>
  <datafield tag="100" ind1="1" ind2=" ">
    <subfield code="a">Calderoﾌ］, Boris</subfield>
  </datafield>
  <datafield tag="670" ind1=" " ind2=" ">
    <subfield code="a">Chena, 2006:</subfield>
    <subfield code="b">t.p. (Boris Calderoﾌ］) p. 15 (1934-1962; b. in San Bernardo [Chile]; poet)</subfield>
  </datafield>
  <datafield tag="670" ind1=" " ind2=" ">
    <subfield code="a">RLIN, July 13, 2007</subfield>
    <subfield code="b">(hdg.:Calderoﾌ］, Boris; usage: Boris Calderoﾌ］)</subfield>
  </datafield>
</record>